@article{einstein,
    author =       "Albert Einstein",
    title =        "{Zur Elektrodynamik bewegter K{\"o}rper}. ({German})
        [{On} the electrodynamics of moving bodies]",
    journal =      "Annalen der Physik",
    volume =       "322",
    number =       "10",
    pages =        "891--921",
    year =         "1905",
    DOI =          "http://dx.doi.org/10.1002/andp.19053221004"
}
 
@book{latexcompanion,
    author = "Michel Goossens and Frank Mittelbach and Alexander Samarin",
    title = "The \LaTeX\ Companion",
    year = "1993",
    publisher = "Addison-Wesley",
    address = "Reading, Massachusetts"
}

@misc{web_cambridge_def_rnd,
    organization = "Cambridge University Press",
    title = "RANDOM|meaning in the Cambridge English Dictionary",
    url = "https://dictionary.cambridge.org/dictionary/english/random"
}

@misc{web_oxford_def_rnd,
    organization = "Oxford University Press",
    title = "random|Definition of random in English by Oxford Dictionaries",
    url = "https://en.oxforddictionaries.com/definition/random"
}

@misc{web_cambridge_def_determin,
    organization = "Oxford University Press",
    title = "deterministic|Definition of deterministic in English by Oxford Dictionaries",
    url = "https://en.oxforddictionaries.com/definition/deterministic"
}

@misc{web_rand_tests_lit,
    author = "Terry Ritter",
    title = "Randomness Tests: A Literature Survey",
    url = "http://www.ciphersbyritter.com/RES/RANDTEST.HTM"
}

@article{art_floyd_non_determin,
    author = "Robert W. Floyd",
    title = "Non-deterministic Algorithms",
    journal = "Journal of the ACM",
    pages = "636--644",
    volume = "14"
}

@report{rep_nist_sp_80022,
    author = "Andrew Rukhin and Juan Soto and James Nechvatal and Miles Smid and Elaine Barker and Stefan Leigh and Mark Levenson and Mark Vangel and David Banks and Alan Heckert and James Dray and San Vo",
    title = "A Statistical Test Suite for Random and Pseudorandom Number Generators for Cryptographic Applications",
    date = "April 2010",
    url = "https://nvlpubs.nist.gov/nistpubs/legacy/sp/nistspecialpublication800-22r1a.pdf"
}

@report{rep_nist_sp_80090a,
    author = "Elaine Barker and John Kelsey",
    title = "Recommendation for Random Number Generation Using Deterministic Random Bit Generators - Revision 1",
    date = "June 2015",
    url = "https://nvlpubs.nist.gov/nistpubs/SpecialPublications/NIST.SP.800-90Ar1.pdf"
}

@report{rep_nist_sp_80057,
    author = "Elaine Barker and William Barker and William Burr and William Polk and Miles Smid",
    title = "Recommendation for Key Management, Part 1: General (Revision 3)",
    date = "July 2012",
    url = "https://csrc.nist.gov/publications/detail/sp/800-57-part-1/rev-3/archive/2012-07-10"
}

@article{art_schindler_eval_meth,
    author = "Werner Schindler",
    title = "Functionality Classes and Evaluation Methodology for Deterministic Random Number Generators",
    date = "2 December 1999",
    pages = "5--11",
    url = "https://www.bsi.bund.de/SharedDocs/Downloads/DE/BSI/Zertifizierung/Interpretationen/AIS_20_Functionality_Classes_Evaluation_Methodology_DRNG_e.pdf"
}

@article{art_mt_tomacs_urng,
    author = "Makoto Matsumoto and Takuji Nishimura",
    title = "Mersenne Twister: A 623-dimensionally equidistributed Uniform Pseudorandom Number Generator",
    journal = "ACM Transactions on Modeling and Computer Simulation (TOMACS) - Special issue on uniform random number generation",
    volume = "8",
    pages = "3--30"
}

@report{rep_cryptmt,
    author = "Makoto Matsumoto and Takuji Nishimura and Maiko Hagita and Mutso Saito",
    title = "Cryptographic Mersenne Twister and Fubuki Stream/Block Cipher",
    date = "1 June 2005",
    url = "https://eprint.iacr.org/2005/165.pdf"
}

@misc{misc_merald_excel,
    author = "Guy Merald",
    title = "On the accuracy of statistical procedures in Microsoft Excel 2010",
    pages = "1095--1128"
}

@misc{web_matworks_randstream,
    organization = "The Mathworks Inc.",
    title = "Random number generator algorithms - MATLAB RandStream.list",
    url = "https://www.mathworks.com/help/matlab/ref/randstream.list.html"
}

@misc{web_php_manual_mtrand,
    organization = "The PHP Groups",
    title = "PHP: mt\_rand - Manual",
    url = "https://www.php.net/manual/en/function.mt-rand.php"
}

@misc{web_python3_manual_prng,
    organization = "Python Software Foundation",
    title = "8.6. random — Generate pseudo-random numbers — Python v3.2 Documentation",
    url = "https://docs.python.org/release/3.2/library/random.html"
}

@misc{web_python2_manual_prng,
    organization = "Python Software Foundation",
    title = "9.6. random — Generate pseudo-random numbers — Python v2.6.8 Documentation",
    url = "https://docs.python.org/release/2.6.8/library/random.html"
}

@report{rep_rand_cpp,
    author = "Walter Brown",
    title = "Random Number Generation in C++11",
    date = "12 March 2013",
    url = "https://isocpp.org/files/papers/n3551.pdf"
}

@misc{web_cuda_rand,
    organization = "nVIDIA Developer Zone",
    title = "cuRAND :: CUDA Toolkit Documentation",
    url = "https://docs.nvidia.com/cuda/curand/host-api-overview.html#generator-types"
}

@article{art_route_astrophysical_jrn,
    author = "Mattew Route",
    title = "Radio-flaring Ultracool Dwarf Population Synthesis",
    journal = "The Astrophysical Journal",
    pages = "66"
}

@book{bk_math_of_astro,
    author = "Daniel Fleisch and Julia Kregenow",
    title = "A Student's Guide to the Mathematics of Astronomy",
    year = "August 2013",
    publisher = "Cambridge University Press"
}

@report{rep_slprng_vigna_blackman,
    author = "Sebastiano Vigna and David Blackman",
    title = "Scrambled Linear Pseudorandom Number Generators",
    date = "3 May 2018",
    url = "https://arxiv.org/abs/1805.01407"
}

@misc{web_xoroshiro_impl,
    author = "Sebastiano Vigna",
    title = "xoshiro / xoroshiro generators and the PRNG shootout",
    date = "29 April 2019",
    url = "http://prng.di.unimi.it/xoroshiro128plus.c"
}

@misc{web_xoroshiro_mg_swift,
    author = "Matt Gallagher",
    title = "Random number generators in Swift",
    date = "19 May 2016",
    url = "https://www.cocoawithlove.com/blog/2016/05/19/random-numbers.html"
}

@misc{web_epoch_def,
    title = "Epoch Converter - Unix Timestamp Converter",
    date = "18 May 2019",
    url = "https://www.epochconverter.com/"
}

@misc{web_rand_gauss_img,
    title = "RANDOM.ORG - Statistical Analysis",
    date = "18 May 2019",
    url = "https://www.random.org/analysis/"
}

@misc{web_random_c_git,
    title = "random.c/char/drivers - kernel/git/torvalds/linux.git - Linux kernel source tree",
    date = "22 April 2019",
    url = "https://git.kernel.org/pub/scm/linux/kernel/git/torvalds/linux.git/tree/drivers/char/random.c"
}

@misc{web_linux_dev_u_random,
    title = "urandom(4): kernel random number source devices - Linux man page",
    date = "22 April 2019",
    url = "https://linux.die.net/man/4/urandom"
}

@misc{web_xoroshiro128p_impl,
    title = "urandom(4): kernel random number source devices - Linux man page",
    date = "9 February 2019",
    url = "https://asecuritysite.com/encryption/xoro"
}